/* Bibliography for our NextJS mini project */

@book{martin2018clean,
  title={Clean architecture: a craftsman's guide to software structure and design},
  author={Martin, Robert C and Grenning, James and Brown, Simon},
  number={s 31},
  year={2018},
  publisher={Prentice Hall}
}

@misc{flanagan2013javascript,
  title={JavaScript: the definitive guide},
  author={Flanagan, David},
  year={2013},
  publisher={O'Reilly Media, Inc}
}

@article{paulson2005building,
  title={Building rich web applications with Ajax},
  author={Paulson, Linda Dailey},
  journal={Computer},
  volume={38},
  number={10},
  pages={14--17},
  year={2005},
  publisher={IEEE}
}

@book{vipul2016reactjs,
  title={ReactJS by Example-Building Modern Web Applications with React},
  author={Vipul, AM and Sonpatki, Prathamesh},
  year={2016},
  publisher={Packt Publishing Ltd}
}

@article{stephane2002poo,
  title={Compléments POO : Programmation orientée
composants},
  author={Stéphane Fréno},
  pages={6},
  year={2002},
  publisher={IEEE}
}

@book{booch2005unified,
  title={The unified modeling language user guide},
  author={Booch, Grady},
  year={2005},
  publisher={Pearson Education India}
}

